@MastersThesis{MIT-BIGDATA,
author = {Smith D.L et Dhavala S.P.},
title = {Using Big Data for Decisions in Agricultural Supply Chain},
school = {Massachusetts Institute of Technology (MIT)},
year = {2013},
note = {Master of Engineering in Logistics},
}
@MastersThesis{Vail27,
author = {Vail E},
title = {Prices of Fertilizer Materials and Factors Affecting the Fertilizer Tonnage},
school = {Cornell University)},
year = {1927},
note = {Thèse de doctorat},
}
@Book{DP,
author = {Pyle D.},
title = {Data Preparation for Data Mining},
year = {1999},
}



@Article{def-DM,
author = {Piatetsky-Shapiro G. et Frawley W.J},
title = {Knowledge Discovery in Databases},
journal = {AAAI Press},
year = {1991},
}

@book{BREI01,
author = {Breiman L.},
title = { Random Forests. Machine Learning. 45, 5-32.},
year = {2001},
}
@book{DITRI99,
author = {Dietterich T.},
title = {An experimental comparison of three methods for constructing
ensembles of decision trees: Bagging, Boosting and randomization},
year = {1999},
}
@book{BREI84,
author = {Breiman L. et Friedman J.H. et Olshen R.A. et Stone C.J.},
title = {Classification And Regression Trees},
year = {1984},
}
@book{ESL,
author = {Hastie T. et Tibshirani R. et Friedman J.},
title = {The Elements of Statistical Learning : Data Mining,
Inference, and Prediction},
date = {2009},
}

@book{BIA08,
author = {Biau G. et Devroye L. et Lugosi G.},
title = {Consistency of random forests and
other averaging classifiers},
year = {Journal of Machine Learning Research. 9, 2039-
2057},
}

@Article{mcafee12,
author = {McAfee A. et Brynjolfsson E.},
title = {Big Data: The Management Revolution},
journal = {Harvard Business Review},
year = {Octobre 2012},
}
@online{vince12,
author = {Vance A},
title = {Climate Corp. Updates Crop Insurance via High Tech},
year={consulté le 09 Avril 2016},
howpublished = {\url{http://goo.gl/6CzvaA}},
}

@Article{Mehr44,
author = {Mehring A. et Shaw B.},
title = {Relationships Between Farm Income and Farmers' Expenditures
for Fertilizer and a Forecast of the Commercial Demand for Fertilizer in 1944 and 1945, by
States.},
journal = {American Fertilizer},
year = {1944},
}
@Article{Mehr44,
author = {Mehring A. et Shaw B.},
title = {Relationships Between Farm Income and Farmers' Expenditures
for Fertilizer and a Forecast of the Commercial Demand for Fertilizer in 1944 and 1945, by
States.},
journal = {American Fertilizer},
year = {1944},
}
@Article{Zvi58,
author = {Griliches Z.},
title = {The Demand for Fertilizer: An Economic Interpretation of a Technical
Change},
journal = {Journal of Farm Economics},
year = {1958},
}
@Article{PAR94,
author = {Parthasarathy N. S.},
title = {Demand forecasting for fertilizer marketing},
journal = {Food and Agriculture
Organization of the United Nations Outlook},
year = {1994},
}
@Article{FAO2000,
author = {FAO},
title = {Fertilizer requirements in 2015 and 2030},
journal = {Food and Agriculture
Organization of the United Nations Outlook},
year = {2000},
}
@online{Tenk06,
author = {Tenkorang F.},
title = {Projecting World Fertilizer Demand in 2015 and 2030},
howpublished = {\url{http://goo.gl/r7CgbL}},
}


@online{data-driven-des,
author = {Brynjolfsson E. et Hitt L.M.  et Kim H.H. },
title = {Strength in Numbers: How Does Data-Driven Decisionmaking Affect Firm Performance?},
howpublished = {\url{http://papers.ssrn.com/sol3/papers.cfm?abstract_id=1819486}},
}
@online{panamax,
author = {Phosphate Chemicals Export Association Inc },
title = {Dap Contract},
year={consulté le 09 Juin 2016},
howpublished = {\url{http://goo.gl/yHt9UB}},
}
@online{acidmax,
author = {NAVIOS MARITIME ACQUISITION CORP},
title = {Form F-1},
year={consulté le 09 Juin 2016},
howpublished = {\url{http://goo.gl/BCStQc}},
}
@online{rockmax,
author = {LOTS Shipping Limited},
title = {Gearless Panamax Lighterage in Cochin},
year={consulté le 09 Juin 2016},
howpublished = {\url{https://goo.gl/iO3EZL}},
}


@online{pdfminer,
author = {Shinyama Y.},
title = {PDFMiner, Python PDF parser and analyzer},
year={consulté le 22 Mars 2016},
howpublished = {\url{http://www.unixuser.org/~euske/python/pdfminer/}},
}
@online{ocp-fil,
author = {OCP Group},
title = {Discover our subsidiaries and joint ventures},
howpublished = {\url{http://www.ocpgroup.ma/group/group-overview/main-companies}},
}

@misc{NACER,
author = {NACER A.},
title = {Structuration, extraction et analyse de l’information qualitative et
     quantitative externe reçue par la direction commerciale},
year = {ENSIAS, Juin 2015},
note = {PFE BI},
}

@misc{this,
author = {Sefiane H. et Yachoui A.},
title = {Analyse de la concurrence du Groupe OCP sur le marché des phosphates et produits dérivés},
year = {ENSIAS, Juin 2016},
note = {Rapport de PFE BI et livrables code-source},
howpublished = {\url{http://github.com/sanxore/lpr}}
}

@misc{CHEMLAL,
author = {CHEMLAL I.E.},
title = {Mise en place d’un portail décisionnel, à base de fichiers PDF,
dédié à la direction commerciale},
year = {ENSIAS, Juin 2014},
note = {PFE BI},
}


@online{CRISP-DM,
author = {IBM Corporation},
title = {Guide CRISP-DM de IBM SPSS Modeler},
howpublished = {\url{ftp://public.dhe.ibm.com/software/analytics/spss/documentation/modeler/15.0/fr/CRISP-DM.pdf}},
}

@online{KDN,
author = {Piatetsky-Shapiro G.},
title = {KDnuggets Methodology Poll},
howpublished = {\url{http://www.kdnuggets.com/polls/2014/analytics-data-mining-data-science-methodology.html}},
}
